% Copyright 2009 FSCONS, Superflex and the individual authors.
% This entire book and all its source files is licenced under Creative Commons Attribution-ShareAlike 2.5

@BOOK{gnunited-babbage71,
    author = "Babbage, C.",
    year = "1971",
    title = "On the economy of machinery and manufactures",
    address = "New York",
    publisher = "Kelley"
}

@ARTICLE{gnunited-barbrook02,
    author = "Barbrook, R.",
    year = "2002",
    title = "The Regulation of Liberty: Free Speech, Free Trade and Free Gifts on the Internet",
    journal = "Science as Culture",
    volume = "11.(2.)",
    pages = "150-177"
}

@BOOK{gnunited-bell73,
    author = "Bell, D.",
    year = "1973",
    title = "The Coming of Post-Industrial Society: A Venture in Social Forecasting",
    address = "New York",
    publisher = "Basic Books"
}

@BOOK{gnunited-berg80,
    author = "Berg, M.",
    year = "1980",
    title = "The Machinery Question and the Making of Political Economy",
    address = "Cambridge",
    publisher = "Cambridge University Press"
}

@BOOK{gnunited-braverman74,
    author = "Braverman, H.",
    year = "1974",
    title = "Labor and Monopoly Capital",
    address = "New York",
    publisher = "Monthly Review Press"
}

@BOOK{gnunited-braverman98,
    author = "Braverman, H.",
    year = "1998",
    title = "Labor and Monopoly Capital",
    address = "New York",
    publisher = "Monthly Review Press"
}

@BOOK{gnunited-braverman98-318,
    author = "Braverman, H.",
    year = "1998",
    title = "Labor and Monopoly Capital",
    address = "New York",
    publisher = "Monthly Review Press",
    pages = "318"
}

@BOOK{gnunited-braverman98-320,
    author = "Braverman, H.",
    year = "1998",
    title = "Labor and Monopoly Capital: The Degradation of Work in the Twentieth Century",
    address = "New York",
    publisher = "Monthly Review Press",
    pages = "320"
}

@MISC{gnunited-broersma08,
    author = "Broersma, M.",
    year = "2008",
    month = "April",
    title = "Proprietary Vendors Lose £30bn to Open Source",
    publisher = "ZDNet"
}

@BOOK{gnunited-brown77,
    author = "Brown, G.",
    year = "1977",
    title = "Sabotage – A study in Industrial Conflict",
    address = "Nottingham",
    publisher = "Spokesman"
}

@ARTICLE{gnunited-coleman08,
    author = "Coleman, G.",
    year = "2008",
    title = "Hacker practice: Moral Genres and the Cultural Articulation of Liberalism",
    journal = "Anthropological Theory",
    volume = "8",
    pages = "255-277"
}

@ARTICLE{gnunited-dafermos-soderberg09,
    author = "Dafermos, G. and Söderberg, J.",
    year = "2009",
    title = "The Hacker Movement as a Continuation of Labour Struggle",
    journal = "Capital \& Class",
    volume = "97",
    pages = "53-73"
}

@BOOK{gnunited-edwards79,
    author = "Edwards, R.",
    year = "1979",
    title = "Contested Terrain",
    address = "London",
    publisher = "Basic Books"
}

@BOOK{gnunited-edwards96,
    author = "Edwards, P.",
    year = "1996",
    title = "The Closed World: Computers and the Politics of Discourse in Cold War America",
    address = "Cambridge",
    publisher = "MIT Press"
}

@BOOK{gnunited-gay02,
    author = "Gay, J.",
    year = "2002",
    title = "Free Software, Free Society: Selected Essays of Richard M. Stallman",
    address = "Boston",
    publisher = "Cop"
}

@ARTICLE{gnunited-hannemyr99,
    author = "Hannemyr, G.",
    year = "1999",
    title = "Technology and Pleasure: Considering Hacking Constructive",
    journal = "First Monday",
    volume = "4(2)"
}

@ARTICLE{gnunited-hobsbawm52,
    author = "Hobsbawm, E.",
    year = "1952",
    month = "February",
    title = "The Machine Breakers",
    journal = "Past and Present",
    volume = "1",
    pages = "57-70"
}

@MISC{gnunited-kay1832,
    author = "Kay, J.",
    year = "1832",
    title = "Moral and Physical Conditions of the Operatives Employed in the Cotton Manufacture in Manchester",
    pages = "24"
}

@BOOK{gnunited-kraft77,
    author = "Kraft, P.",
    year = "1977",
    title = "Programmers and Managers: The Routinisation of Computer Programming in the United States",
    address = "New York",
    publisher = "Springer-Verlag"
}

@BOOK{gnunited-lakhani-wolf05,
    author = "Lakhani, K. and Wolf, R.",
    year = "2005",
    title = "Why Hackers Do What They Do: Understanding Motivation and Effort in Free/Open Source Projects in: Feller, J., Fitzgerald, B., Hissam, S., Lakhani, K., Cusumano, M. \& Shirky, Clay (eds.) Perspectives on Free and Open Source Software",
    address = "Cambridge",
    publisher = "MIT Press"
}

@ARTICLE{gnunited-lerner-tirole02,
    author = "Lerner, J. and Tirole, J.",
    year = "2002",
    title = "Some Simple Economics of Open Source",
    journal = "Journal of Industrial Economics",
    volume = "50 (2)",
    pages = "197-234"
}

@BOOK{gnunited-marx76,
    author = "Marx, K.",
    year = "1976",
    title = "Capital vol. I.",
    address = "London",
    publisher = "Penguin Books",
    pages = "554-555"
}

@BOOK{gnunited-mcchesney-wood-foster98,
    author = "McChesney, R. and Wood, E. and Foster, J.",
    year = "1998",
    title = "Capitalism and the Information Age: The Political Economy of the Global Communication Revolution",
    address = "New York",
    publisher = "Monthly Review Press"
}

@MISC{gnunited-moglen99,
    author = "Moglen, E.",
    year = "1999",
    title = "Anarchism Triumphant: Free Software and the Death of Copyright",
    publisher = "First Monday",
    howpublished = "\url{http://ur1.ca/f6nx}"
}

@BOOK{gnunited-moody01,
    author = "Moody, G.",
    year = "2001",
    title = "Rebel Code: Linux and the Open Source Revolution",
    address = "London",
    publisher = "Penguin",
    pages = "248"
}

@BOOK{gnunited-noble84,
    author = "Noble, D.",
    year = "1984",
    title = "Forces of Production – A Social History of Industrial Automation",
    address = "New York",
    publisher = "Alfred A Knopf"
}

@ARTICLE{gnunited-oriain04,
    author = "{O}'{R}iain, S.",
    year = "2004",
    title = "Net-Working for a Living: Irish Software Developers in the Global Workplace in: Ash, A. \& Thrift, N. (Eds.)",
    address = "Malden",
    journal = "Cultural Economy Reader",
    publisher = "Blackwell"
}

@BOOK{gnunited-polanyi01,
    author = "Polanyi, K.",
    year = "2001",
    title = "The Great Transformation: The Political and Economic Origins of Our Time",
    address = "Boston",
    publisher = "Beacon Press"
}

@MISC{gnunited-pollack98,
    author = "Pollack, A.",
    year = "1998",
    title = "in (ed.) Robert McChesney, Ellen Meiksins Wood \& John Bellamy Foster, Capitalism and the Information Age -- The Political Economy of the Global Communication Revolution",
    address = "New York",
    publisher = "Monthly Review Press"
}

@MISC{gnunited-riccardo1821,
    author = "Riccardo, D.",
    year = "1821",
    title = "Principles of Political Economy and Taxation, 3rd edition"
}

@BOOK{gnunited-robins-webster88,
    author = "Robins, K. and Webster, F.",
    year = "1988",
    title = "in (ed.) Mosco \& Wasko The Political Economy of Information",
    address = "Madison",
    publisher = "University of Wisconsin Press"
}

@BOOK{gnunited-ross91,
    author = "Ross, A.",
    year = "1991",
    title = "Strange Weather – Culture, Science, and Technology in the Age of Limits",
    address = "London",
    publisher = "Verso"
}

@BOOK{gnunited-sale95,
    author = "Sale, K.",
    year = "1995",
    title = "Rebels Against the Future -- The Luddites and Their War on the Industrial Revolution, Lessons for the Computer Age",
    address = "Reading, Mass.",
    publisher = "Addison-Wesley Publishing Company"
}

@BOOK{gnunited-shaiken86,
    author = "Shaiken, H.",
    year = "1986",
    title = "Work Transformed: Automation and Labor in the Computer Age",
    address = "Lexington, Mass.",
    publisher = "Lexington Books",
    pages = "272"
}

@BOOK{gnunited-shell-dodge02,
    author = "Shell, B. and Dodge, J.",
    year = "2002",
    title = "The Hacking of America: Who's Doing it, Why, and How",
    address = "Westport, CT.",
    publisher = "Quorum Books"
}

@BOOK{gnunited-shiller99,
    author = "Shiller, D.",
    year = "1999",
    title = "Digital Capitalism: Networking the Global Market System",
    address = "London",
    publisher = "MIT Press"
}

@BOOK{gnunited-sussman-lent98,
    author = "Sussman, G. and Lent, J.",
    year = "1998",
    title = "Global Productions – Labour in the Making of the 'Information Society'",
    address = "Cresskill",
    publisher = "Hampton Press"
}

@ARTICLE{gnunited-terranova00,
    author = "Terranova, T.",
    year = "2000",
    title = "Free Labour: Producing Culture for the Digital Economy",
    journal = "Social Texts",
    volume = "18",
    pages = "33-57"
}

@BOOK{gnunited-torvalds-diamond01,
    author = "Torvalds, L. and Diamond, D.",
    year = "2001",
    title = "Just For Fun -- The Story of an Accidental Revolutionary",
    address = "New York",
    publisher = "HarperCollins Publisher"
}

@BOOK{gnunited-webster02,
    author = "Webster, F.",
    year = "2002",
    title = "Theories of the Information Society",
    address = "New York",
    publisher = "Routledge"
}

@MISC{gnunited-weed08,
    author = "Weed",
    year = "2008",
    title = "The Dark Side of Cyberspace – Inside the Sweatshops of China's Computer Hardware Production",
    howpublished = "\url{http://ur1.ca/f6ny}"
}

@BOOK{gnunited-wood82,
    author = "Wood, S.",
    year = "1982",
    title = "The Degradation of Work? Skill, Deskilling and the Labour Process",
    address = "London",
    publisher = "Hutchinson"
}

@BOOK{gnunited-ure1835,
    author = "Ure, A.",
    year = "1835",
    title = "The Philosophy of manufactures: or, an exposition of the scientific, moral and commercial economy of the factory system of Great Britain",
    address = "London",
    publisher = "Knight"
}

@BOOK{gnunited-zimbalist79,
    author = "Zimbalist, A.",
    year = "1979",
    title = "in: (ed.) Zimbalist, A. A Case Studies of the Labor Process",
    address = "New York",
    publisher = "Monthly Review Press"
}

@ARTICLE{gnunited-zizek02,
    author = "Zizek, S.",
    year = "2002",
    title = "A Cyberspace Lenin: Why Not?",
    journal = "International Socialism Journal",
    volume = "95"
}

@BOOK{gnunited-zuboff88,
    author = "Zuboff, S.",
    year = "1998",
    title = "In The Age Of The Smart Machine: The Future Of Work And Power",
    address = "New York",
    publisher = "Basic Books"
}

@BOOK{gnunited-jordan02,
    author = "Jordan, T.",
    year = "2002",
    title = "Activism!: Direct Action, Hacktivism and the Future of Society",
    address = "London",
    publisher = "Reaktion Books"
}

@online{gpl,
    author = "Free Software Foundation",
    title = "GNU General Public License",
    year = "2007",
    url = "http://ur1.ca/k"
}

@online{cc-by-nd-us-3.0,
    author = "Creative Commons Corporation",
    title = "Licencia Creative Commons Reconocimiento-SinDerivadas 3.0 Estados Unidos",
    year = "s/f",
    url = "http://creativecommons.org/licenses/by-nd/3.0/us/legalcode"
}

@online{cc-by-sa-us-3.0,
    author = "Creative Commons Corporation",
    title = "Licencia Creative Commons Reconocimiento-CompartirIgual 3.0 Estados Unidos",
    year = "s/f",
    url = "http://creativecommons.org/licenses/by-sa/3.0/us/legalcode"
}

@online{cc-by-sa,
    author = "Creative Commons Corporation",
    title = "Licencia Creative Commons Reconocimiento-CompartirIgual 3.0",
    year = "s/f",
    url = "http://ur1.ca/21mi5"
}

@online{cc-by-sa-ar,
    author = "Creative Commons Corporation",
    title = "Licencia Creative Commons Reconocimiento-CompartirIgual 2.5 Argentina",
    year = "s/f",
    url = "http://ur1.ca/2djpm"
}

@online{stallman-pirate-party,
    author = "Stallman, R.",
    title = "Las propuestas del Partido Pirata sueco y el software libre: el tiro por la culata",
    year = "2009",
    url = "http://ur1.ca/21mhx"
}

@online{hill-principled,
    author = "Hill, B.",
    title = "Taking a Principled Position on Software Freedom",
    year = "2009",
    url = "http://ur1.ca/21mhm"
}

@online{stallman-definition,
    author = "Stallman, R.",
    title = "La definición del Software Libre",
    year = "2010",
    url = "http://ur1.ca/3ogz"
}

@online{nsnd-split,
    author = "nsnd, N.",
    title = "Nothing will happen again in Split with Inlaws \& Outlaws",
    year = "2010",
    url = "http://ur1.ca/21mhi"
}

@online{wikipedia-pirate-parties,
       author = "Wikipedia",
       title = "Internacional de Partidos Pirata --- Wikipedia{,} La enciclopedia libre",
       year = "2011",
       url = "http://ur1.ca/53ei9",
       urldate = "2011-09-15"
}

@online{ppde-partei-programm,
    author = "Piraten Partei",
    title = "Party manifesto of the Pirate Party of Germany",
    year = "2006",
    url = "http://ur1.ca/21mhe"
}

@online{ppuk-copyright,
    author = "Pirate Party UK",
    title = "Copyright and Patents",
    year = "2010",
    url = "http://ur1.ca/032j0"
}

@online{lessig-there-he-goes,
    author = "Lessig, L.",
    title = "there he goes again",
    year = "2008",
    url = "http://ur1.ca/21mh5"
}

@online{lessig-news-flash,
    author = "Lessig, L.",
    title = "NEWS FLASH: I don't defen[d] piracy",
    year = "2008",
    url = "http://ur1.ca/21mh3"
}

@online{lessig-ascap,
    author = "Lessig, L.",
    title = "ASCAP's attack on Creative Commons",
    year = "2010",
    url = "http://ur1.ca/0o9cb"
}

@BOOK{busaniche-2007,
    author = "Busaniche, B.",
    year = "2007",
    title = "Monopolios artificiales sobre bienes intangibles",
    publisher = "Fundación Vía Libre"
}

@MISC{bauwens-2005,
    author = "Bauwens, M.",
    year = "2005",
    title = "The political economy of peer production",
    howpublished = "\url{http://ur1.ca/21pb0}"
}

@BOOK{mari-2000,
    author = "Marí, E.",
    title = "Elementos de epistemología comparada",
    year = "2000",
    publisher = "Puntosur Editores"
}

@MISC{moglen-2010,
    author = "Moglen, E.",
    title = "Freedom In the Cloud: Software Freedom, Privacy, and Security for Web 2.0 and Cloud Computing",
    year = "2010",
    howpublished = "\url{http://ur1.ca/uups}",
    publisher = "Software Freedom Law Center",
    address = "New York"
}

@MISC{oreilly-sf,
    author = "{O}'{R}eilly, T.",
    title = "The Open Source Paradigm Shift",
    year = "s/f",
}

@BOOK{rivera-2003,
    author = "Rivera, S.",
    title = "La epistemología y sus formas cambiantes en Filosofía, política
    y derecho. Un homenaje a Enrique Marí",
    year = "2003",
    publisher = "Prometeo"
}

@BOOK{soderberg-2007,
    author = "Söderberg, J.",
    title = "Hacking Capitalism: The Free and Open Source Software (FOSS) Movement",
    year = "2007",
    publisher = "Routledge"
}

@BOOK{stallman-1996,
    author = "Stallman, R.",
    title = "La definición del Software Libre, en Software Libre para una sociedad libre",
    publisher = "Traficantes de Sueños",
    year = "1996"
}

@MISC{turner-2010,
    author = "Turner, D.",
    title = "Censorship envy and licensing",
    year = "2010",
    howpublished = "\url{http://ur1.ca/21pai}"
}

@BOOK{varsavsky-1969,
    author = "Varsavsky, O.",
    title = "Ciencia, política y cientificismo",
    year = "1969",
    publisher = "Centro Editor de América Latina"
}

@ARTICLE{agar-2008,
    author = "Agar, M.",
    title = "Agentes en vivos colores: Hacia modelos Emic basados en agentes",
    year = "2008",
    publisher = "Traducción de Lucas Sgrecia, Grupo Antropocaos"
}

@BOOK{bateson-1990,
    author = "Bateson, G.",
    title = "Contraste etológico, competición y cismogénesis, en Naven. Un ceremonial Iatmul",
    year = "1990",
    publisher = "Ed. Júcar Universidad"
}

@BOOK{bateson-2006,
    author = "Bateson, G.",
    title = "Todo escolar sabe..., en Espíritu y Naturaleza",
    year = "2006",
    publisher = "Ed. Amorrortu"
}

@ARTICLE{diaz-2008,
    author = "Díaz, D.",
    title = "Redes sociales, sociedades artificiales y salud. Observaciones desde una perspectiva antropológica",
    year = "2008",
    journal = "Jornadas Salud y Sociedad, Facultad de Medicina, UBA"
}

@MISC{epstein-sf,
    author = "Epstein, J.",
    title = "Why Model?",
    publisher = "Traducción de D. Diaz y M. Domínguez"
}

@MISC{paley-2010,
    author = "Paley, N.",
    title = "Copying is not Theft",
    year = "2010",
    howpublished = "\url{http://ur1.ca/hyfs}"
}

@online{wikipedia-2010a,
   author = "Wikipedia",
   title = "Friend-to-friend --- Wikipedia{,} The Free Encyclopedia",
   year = "2011",
   url = "http://ur1.ca/53eih",
	urldate = "2011-09-15"
 }

@online{wikipedia-2010b,
   author = "Wikipedia",
   title = "Proactive network Provider Participation for P2P --- Wikipedia{,} The Free Encyclopedia",
   year = "2010",
   url = "http://ur1.ca/53eim",
	urldate = "2011-09-15"
 }

@ARTICLE{zanotti-eynard-2010,
    author = "Zanotti, A. y Eynard, M.",
    title = "¿Horizontes comunes? Algunas homologías entre las lógicas de producción del software y los alimentos",
    year = "2010",
    journal = "Acción Colectiva",
    howpublished = "\url{http://ur1.ca/21p9w}"
}

@MISC{watts-2010,
    author = "Watts, L.",
    title = "Richard Stallman: What is Free Software?",
    year = "2010",
    howpublished = "\url{http://ur1.ca/2aq6i}"
}

@ARTICLE{bell-1960,
    author = "Bell, D.",
    title = "The Subversion of Collective Bargaining",
    year = "1960",
    month = "March",
    publisher = "Commentary Magazine"
}

@ONLINE{charter-sf,
   author = "FCForum",
   title = "Charter for Innovation, Creativity and Access to Knowledge ‘Introduction’",
   url = "http://fcforum.net/charter_extended"
}

@ONLINE{dablade-2006,
    author = "DaBlade",
    title = "Richard Stallman Interview",
    publisher = "P2Pnet News",
    url = "http://www.p2pnet.net/story/7840",
    month = "feb",
    year = "2006"
}

@ONLINE{iww-sf,
    author = "IWW",
    title = "Preamble to the IWW Constitution",
    publisher = "Industrial Workers of the World: A Union for All Workers",
    url = "http://www.iww.org/culture/official/preamble.shtml"
}

@ONLINE{khayati-1966,
    author = "Khayati, M.",
    title = "Captive Words: Preface to a Situationist Dictionary",
    publisher = "Translated by Ken Knabb, International Situationiste 10 (1966). Situationist
International Online",
    url = "http://www.cddc.vt.edu/sionline/index.html",
    year = "1966"
}

@ONLINE{kretschmer-sf,
    author = "Kretschmer, M.",
    title = "Music Artists’ Earnings and Digitisation: A Review of Empirical Data from Britain and Germany",
    publisher = "Bournemouth University Eprints",
    url = "http://eprints.bournemouth.ac.uk/3704/1/Birkbeck_06_04_final.pdf"
}

@ONLINE{kretschmer-2006,
    author = "Kretschmer, M.",
    title = "Empirical Evidence on Copyright Earnings",
    year = "2006",
    publisher = "DIME, September 2006",
    url = "http://www.dime-eu.org/files/active/0/Kretschmer.pdf"
}

@BOOK{landauer-2010,
    author = "Landauer, G.",
    title = "Revolution and Other Writings: A Political Reader",
    publisher = "Edited and translated by Gabriel Kuhn",
    year = "2010",
    publisher = "Oakland: PM Press"
}

@CONFERENCE{lessig-2006,
    author = "Lessig, L.",
    title = "Presentation at Wizards of OS 4: Information Freedom Rules",
    publisher = "International Conference (September 14-16, 2006)",
    address = "Berlin, Germany",
    year = "2006"
}

@BOOK{macmillan-2007,
    author = "Macmillan, F.",
    title = "New Directions in Copyright Law",
    publisher = "Edward Elgar Publishing",
    address = "Cheltenham, UK",
    year = "2007"
}

@ONLINE{mandel-1981,
    author = "Mandel, E.",
    title = "Historical Materialism and the Capitalist State",
    publisher = "Traducido al inglés por Juriaan Bendian",
    url = "http://www.scribd.com/doc/20878564/Mandel-Ernest-Historical-Materialism-and-the-Capitalist-State",
    year = "1981"
}

@INBOOK{marx-1859,
    author = "Marx, K.",
    chapter = "Preface",
    title = "A Contribution to the Critique of Political Economy",
    publisher = "Marxists Internet Archive",
    url = "http://www.marxists.org/archive/marx/works/1859/critique-pol-economy/preface.htm",
    year = "1859"
}

@BOOK{manifesto-1848,
    author = "Marx, K. and Engels, F.",
    title = "Manifesto of the Communist Party",
    publisher = "Marxists Internet Archive",
    url = "http://www.marxists.org/archive/marx/works/1848/communist-manifesto/",
    year = "1848"
}

@BOOK{mill-1848,
    author = "Stuart Mill, J.",
    title = "Principles of Political Economy with some of their Application to Social Philosophy",
    year = "1909",
    publisher = "Library of Economics and Liberty",
    url = "http://www.econlib.org/library/Mill/mlP.html"
}

@ONLINE{miller-2004,
    author = "Miller, E.",
    title = "Woody Guthrie on Copyright",
    publisher = "Copyfight July 27, 2004",
    month = "jul",
    year = "2004",
    url = "http://copyfight.corante.com/archives/2004/07/27/woody_guthrie_on_copyright.php"
}

@ARTICLE{oreilly-2007,
    author = "{O}'{R}eilly, T.",
    title = "What is Web 2.0: Design Patterns and Business Models for the Next Generation of Software",
    publisher = "Munich Personal RePEc Archive, MPRA Paper \#4578 (2007-11-07)",
    url = "http://mpra.ub.uni-muenchen.de/4578/1/MPRA_paper_4578.pdf",
    year = "2007"
}

@BOOK{proudhon-1890,
    author = "Proudhon, {P}ierre-{J}oseph",
    title ="What is Property? An Inquiry into the Principle of Right and of Government",
    publisher = "Project Gutenberg",
    url = "http://www.gutenberg.org/ebooks/360",
    year = "1890"
}

@BOOK{ricardo-1815,
    author = "Ricardo, D.",
    title = "An Essay on Profits",
    publisher = "Faculty of Social Science",
    url = "http://socserv.mcmaster.ca/~econ/ugcm/3ll3/ricardo/profits.txt",
    address = "McMaster University",
    year = "1815"
}

@BOOK{ricardo-1821,
    author = "Ricardo, D.",
    title = "On Principles of Political Economy and Taxation",
    year = "1821",
    publisher = "Library of Economics and Liberty",
    url = "http://www.econlib.org/library/Ricardo/ricPCover.html"
}

@BOOK{seuss-1956,
    author = "Dr. Seuss",
    title = "If I Ran the Circus",
    publisher = "Random House",
    year = "1956",
}

@ARTICLE{joost-2009,
    author = "Smiers, J. and van Schijndel, M.",
    title ="No Copyright and No Cultural Conglomerates Too: An Essay",
    publisher = "Institute of Network Cultures",
    address = "Amsterdam",
    url = "http://ln-s.net/:2mP",
    year = "2009"
}

@INBOOK{stallman-2010,
    author = "Stallman, R.",
    chapter = "Copyleft: Pragmatic Idealism",
    title = "Free Software, Free Society: The Selected Essays of Richard M. Stallman",
    publisher = "GNU Operating System",
    url = "http://www.gnu.org/philosophy/pragmatic.html",
    year = "2010"
}

@INBOOK{thorstein-2010,
    author = "Thorstein, V.",
    chapter = "Chapter 4: Conspicuous Consumption",
    title = "The Theory of the Leisure Class",
    publisher = "Europaeischer Hochschulver- lag GmbH \& Co KG. Originally published in 1899",
    address = "Bremen, Germany",
    year = "2010"
}

@ONLINE{tucker-1926,
    author = "Tucker, B.",
    title = "State Socialism and Anarchism: How far they agree, and wherein they differ",
    publisher = "The Anarchist Library. Originally published in Benjamin Tucker, Individual Liberty (Vanguard Press, 1926)",
    address = "New York",
    url = "http://flag.blackened.net/daver/anarchism/tucker/tucker2.html",
    year = "1926"
}

@ONLINE{un-2007,
    author = "United Nations University-World Institute for Development Economics
Research",
    title = "Richest 2\% Own Half the World’s Wealth",
    publisher = "update.unu.edu 44 (Diciembre 2006-Febrero 2007). Para más información ver: United Nations University-World Institute for Development Economics Research (UNU-WIDER) en \url{http://ln-s.net/:2mK}",
    url = "http://update.unu.edu/issue44_22.htm",
    year = "2007"
}

@ONLINE{wikipedia-web20,
    title = "Web 2.0",
    author = "Wikipedia.org",
    year = "2010",
    url = "http://en.wikipedia.org/wiki/Web_2.0"
}

@INBOOK{keynes-2002,
    author = "Keynes, J.",
    chapter = "Chapter 2: The Postulates of the Classical Economics",
    title = "The General Theory of Employment, Interest and Money",
    publisher = "Marxists Internet Archive. Originally published in Cambridge: Macmillan Cambridge University Press (1936).",
    url = "http://www.marxists.org/reference/subject/economics/keynes/general-theory/ch02.htm",
    year = "2002"
}

@BOOK{cohen-1988,
    author = "Cohen, G.",
    title = "History, Labor and Freedom: Themes from Marx",
    publisher = "Oxford University Press",
    address = "Oxford",
    year = "1988"
}

@BOOK{cohen-2009,
    author = "Cohen, G.",
    title = "Why Not Socialism?",
    publisher = "Princeton University Press",
    address = "New Jersey",
    year = "2009"
}

@ONLINE{developer-2006,
    author = "developerWorks",
    title = "developerWorks Interviews: Tim Berners-Lee",
    publisher = "developerWorks 22 de agosto de 2006",
    url = "http://www.ibm.com/developerworks/podcast/dwi/cm-int082206txt.html",
    month = "ago",
    year = "2006"
}

@ONLINE{graham-2005,
    author = "Graham, P.",
    title = "Web 2.0",
    url = "http://www.paulgraham.com/web20.html",
    month = "nov",
    year = "2005"
}

@ONLINE{graham-2005a,
    author = "Graham, P.",
    title = "What Business Can Learn From Open Source",
    url = "http://www.paulgraham.com/opensource.html",
    year = "2005",
}

@ONLINE{moglen-2003,
    author = "Moglen, E.",
    title = "The dotCommunist Manifesto",
    year = "2003",
    url = "http://emoglen.law.columbia.edu/my_pubs/dcm.html"
}

@ONLINE{keizer-sf,
    author = "Keizer, G.",
    title = "Apple Wins Court Victory Over Mac Clone Maker",
    url = "http://www.pcworld.com/article/182218/Apple_Wins_Court_Victory_Over_Mac_Clone_Maker_Psystar.html?tk=rss_news",
    publisher = "PC World"
}

% a new communist horizon

@book{amin-1994,
    author = "Amin, A.",
    howpublished = "Paperback",
    isbn = "0631188576",
    month = nov,
    publisher = "Blackwell Publishers",
    title = "Post-Fordism: A Reader (Studies in Urban and Social Change)",
    year = "1994"
}


@article{barbrook-2007,
    author = "Barbrook, R.",
    journal = "Science as Culture",
    number = "1",
    pages = "5-40",
    publisher = "Routledge",
    title = "{CYBER}-{COMMUNISM}: How the Americans are Superseding Capitalism in Cyberspace",
    url = "http://www.imaginaryfutures.net/2007/04/17/cyber-communism",
    volume = "9",
    year = "2000"
}

@book{weber-2004,
    author = "Weber, S.",
    day = "30",
    howpublished = "Hardcover",
    isbn = "0674012925",
    keywords = "comparison, history, open, opensource, science, source, sts, study, weber",
    month = apr,
    publisher = "Harvard University Press",
    title = "The Success of Open Source",
    url = "http://www.worldcat.org/isbn/0674012925",
    year = "2004"
}

@book{stallman-2002,
    author = "Stallman, R. M. and Lessig, L. and Gay, J.",
    day = "01",
    howpublished = "Hardcover",
    isbn = "1882114981",
    month = jun,
    priority = "2",
    publisher = "Free Software Foundation",
    title = "Free Software, Free Society: Selected Essays of Richard M. Stallman",
    url = "http://shop.fsf.org/product/free-software-free-society-2/",
    year = "2002"
}

@book{soderberg-2008,
    author = "Söderberg, J.",
    day = "13",
    edition = "1",
    howpublished = "Hardcover",
    isbn = "0415955432",
    month = nov,
    publisher = "Routledge",
    title = {Hacking Capitalism: The Free and Open Source Software ("FOSS") Movement (Routledge Research in Information Technology and Society)},
    year = "2007"
}

@book{raymond-2001,
    author = "Raymond, E.",
    day = "15",
    edition = "Revised",
    howpublished = "Paperback",
    isbn = "0596001088",
    month = jan,
    publisher = "O'Reilly Media",
    title = "The Cathedral \& the Bazaar",
    url = "http://biblioweb.sindominio.net/telematica/catedral.html",
    year = "2001"
}

@article{bauwens-2011,
  author = "Bauwens, M.",
  year = "2011",
  title = "Open Design and Manufacturing",
  publisher = "WE\_Magazine"
}

@book{boyle-1996,
  author = "Boyle, J.",
  year = "1996",
  title = "Shamans, Software and Spleens: Law and the Construction of Information Society",
  address = "Cambridge Mass",
  publisher = "Harvard UP"
}

@ONLINE{bowyer-2006,
  author = "Bowyer, A.",
  year = "2006",
  title = "The Self-replicating Rapid Prototyper – Manufacturing for the Masses",
  url = "http://reprap.org/wiki",
  urldate = "2011-02-26"
}

@book{braverman-1974,
  author = "Braverman, H.",
  year = "1974",
  title = "Labor and Monopoly Capital: Degradation of Work in the Twentieth Century",
  address = "New York",
  publisher = "Monthly Review Press"
}

@book{brook-1975,
  author = "Brook, F.",
  year = "1975",
  title = "The Mythical Man-Month: Essays on Software Engineering",
  address = "Reading, Mass",
  publisher = "Addison-Weley"
}

@book{castells-2010,
  author = "Castells, M.",
  year = "2010",
  title = "The Rise of the Network Society",
  address = "Oxford",
  publisher = "Wiley – Blackwell"
}

@book{gorz-1999,
  author = "Gorz, A.",
  year = "1999",
  title = "Reclaiming Work",
  address = "Cambridge",
  publisher = "Polity Press"
}

@article{hardt-negri-2011a,
  author = "Hardt, M. and Negri, A.",
  year = "2011",
  title = "What to Expect in 2011",
  publisher = "Adbusters."
}

@book{hardt-negri-2000,
  author = "Hardt, M. and Negri, A.",
  year = "2000",
  title = "Empire",
  address = "Cambridge Mass",
  publisher = "Harvard UP"
}

@article{huws-2003,
  author = "Huws, U.",
  year = "2003",
  title = "The Making of Cybertariat: Virtual Work in the Real World",
  address = "New York",
  publisher = "Monthly Review Press"
}

@article{kaplinsky-1988,
  author = "Kaplinsky, R.",
  year = "1988",
  title = "Restructuring Capitalist Labour Process",
  publisher = "Cambridge Journal of Economic \#12",
  pages = "541-70"
}

@book{lessig-2005,
  author = "Lessig, L.",
  year = "2005",
  title = "Free Culture: The Nature and Future of Creativity",
  publisher = "Penguin Books"
}

@book{mandel-1970,
  author = "Mandel, L.",
  year = "1970",
  title = "Late Capitalism",
  address = "London",
  publisher = "Verso"
}

@book{marx-1965,
  author = "Marx, K.",
  year = "1965",
  title = "Pre/Capitalist Economic Formations",
  address = "New York",
  publisher = "International Publication"
}

@incollection{marx-1978a,
  author = "Marx, K.",
  year = "1978",
  title = "Enstranged Labour",
  editor = "Tucker, R.C.",
  booktitle = "Marx and Engels Reader",
  address = "New York",
  publisher = "Norton and Company"
}

@incollection{marx-1978b,
  author = "Marx, K.",
  year = "1978",
  title = "Critique of Gotha Programme",
  editor = "Tucker, R.C.",
  booktitle = "Marx and Engels Reader",
  address = "New York",
  publisher = "Norton and Company"
}

@incollection{marx-1978c,
  author = "Marx, K.",
  year = "1978",
  title = "Preface to A Contribution to the Critique of Political Economy",
  editor = "Tucker, R.C.",
  booktitle = "Marx and Engels Reader",
  address = "New York",
  publisher = "Norton and Company"
  }

@book{marx-1978,
  author = "Marx, K.",
  year = "1978",
  title = "Capital",
  volume = "2",
  publisher = "Penguin Books"
}

@book{marx-1981,
  author = "Marx, K.",
  year = "1981",
  title = "Capital",
  volume = "3",
  publisher = "Penguin Books"
}

@book{merton-1979,
  author = "Merton, K.",
  year = "1979",
  title = "The Sociology of Science: Theoretical and Empirical Investigations",
  publisher = "Chicago UP"
}

@book{merton-1996,
  author = "Merton, K.",
  year = "1996",
  title = "On Social Structure and Science",
  address = "Chicago",
  publisher = "Chicago UP"
}

@book{oneill-2009,
  author = "{O}'{N}eil, M.",
  year = "2009",
  title = "Cyberchiefs: Autonomy and Authority in Online Tribe",
  address = "London",
  publisher = "Pluto Press"
}

@article{rabinowitz-2010,
  author = "Rabinowitz, D.",
  year = "2010",
  title = "Ostrom, the commons, and the anthropology of 'earthlings' and their atmosphere",
  journal = "Focaal: Journal of Global and Historical Anthropology \#57",
  pages = "104-108"
}

@incollection{tomaney-1994,
  author = "Tomaney, J.",
  year = "1994",
  title = "A New Paradigm of Work Organization and Technology",
  editor = "Amim, A.",
  booktitle = "Post-Fordism",
  address = "Oxford",
  publisher = "Blackwell"
}

@book{wu-2010,
  author = "Wu, T.",
  year = "2010",
  title = "The Master of Switch: The Rise and Fall of Information Enterprises",
  address = "New York",
  publisher = "Knof"
}

% beyond digital plenty

@ONLINE{davey-2010,
	author = "Davey, B.",
	year = "2010",
	title = "The Abundance of Food vs the Abundance of Recipes",
  url = "http://p2pfoundation.net/Abundance_of_Food_vs_the_Abundance_of_Recipes",
  urldate = "2011-11-29"
}

@ONLINE{deangelis-2010,
	author = "De Angelis, M.",
	year = "2010",
	title = "Water Umaraqa",
  url = "http://www.commoner.org.uk/blog/?p=241",
  urldate = "2011-11-22"
}

@ONLINE{heylighen-2007,
	author = "Heylighen, F.",
	year = "2007",
	title = "Why is Open Access Development so Successful? Stigmergic Organization and the Economics of Information",
  editor = "Bernd Lutterbeck and Matthias Bärwolff and Robert A. Gehring",
  journal = "Open Source Jahrbuch 2007",
  publisher = "Lehmanns Media",
  address = "Berlin",
  url = "http://www.opensourcejahrbuch.de/portal/articles/pdfs/osjb2007-02-04-en-heylighen.pdf",
  urldate = "2011-11-22"
}

@ONLINE{lakhani-wolf-2005,
	author = "Lakhani, K. R. and Wolf, R.",
	year = "2005",
	title = "Why Hackers Do What They Do",
  editor = "Joseph Feller, Brian Fitzgerald, Scott A. Hissam, Karim R. Lakhani",
  journal = "Perspectives on Free and Open Source Software",
  publisher = "MIT Press",
  address = "Cambridge, MA",
  url = "http://mitpress.mit.edu/books/chapters/0262062461chap1.pdf",
  urldate = "2011-11-30"
}

@ONLINE{lehmann-2004,
	author = "Lehmann, F.",
	year = "2004",
	title = "FLOSS Developers as a Social Formation",
  publisher = "First Monday",
  url = "http://firstmonday.org/htbin/cgiwrap/bin/ojs/index.php/fm/article/view/1186/1106",
  urldate = "2011-11-22"
}

@ONLINE{marx-1894,
	author = "Marx, K.",
	year = "1894",
	title = "Capital",
  volume = "III",
  publisher = "International Publishers",
  address = "New York",
  url = "http://www.marxists.org/archive/marx/works/1894-c3/ch46.htm",
  urldate = "2011-11-22"
}

@ONLINE{moody-2010,
	author = "Moody, G.",
	year = "2010",
	title = "Ethics of Intellectual Monopolies - {FSCONS} 2010 Keynote",
  publisher = "MIT",
  url = "http://fab.cba.mit.edu/about/labs/",
  urldate = "2011-11-17"
}

@ONLINE{p2p-2011,
	author = "{P2P} Foundation",
	year = "2011",
	title = "Open Hardware Directory",
  url = "http://p2pfoundation.net/Product_Hacking",
  urldate = "2011-11-29"
}

@ONLINE{rowe-2010,
	author = "Rowe, D.",
	year = "2010",
	title = "Baboons, Mesh Networks, and Community",
  url = "http://www.rowetel.com/blog/?p=124",
  urldate = "2011-11-22"
}

@ONLINE{wikimedia-2011,
	author = "Wikimedia Foundation",
	year = "2011",
	title = "Homepage",
  url = "http://wikimediafoundation.org/wiki/Home",
  urldate = "2011-11-22"
}

@ONLINE{wikipedia-2011,
	author = "Wikipedia",
	year = "2011",
	title = "List of countries by ecological footprint",
  url = "http://en.wikipedia.org/wiki/List_of_countries_by_ecological_footprint",
  urldate = "2011-11-22"
}

@article{andrejevic-2013,
  author ="Andrejevic, M.",
  year = "2013",
  title = "Estranged Free Labor",
  journal = "Digital Labor. The Internet as Playground and Factory",
  editor = "Trebor Scholz",
  pages = "149-164",
  address = "New York",
  publisher = "Routledge"
}

@article{aytes-2013,
  title = "Aytes, Ayhan",
  year = "2013",
  title = "Return of the Crowds: Mechanical Turk and Neoliberal States of Exception",
  journal = "In Digital Labor. The Internet as Playground and Factory",
  editor = "Trebor Scholz",
  pages = "79-97",
  address = "New York",
  publisher = "Routledge"
}

@misc{bauwens-2007,
  author = "Bauwens, M.",
  year = "2007",
  title = "The Social Web and its Social Contracts: Some Notes on Social Antagonism in Netarchical Capitalism",
  publisher = "Re-public",
  urldate = "2013-07-23",
  url = "http://www.re-public.gr/en/?p=261"
}

@article{bauwens-2009,
  author = "Bauwens, M.",
  year = "2009",
  title = "Class and Capital in Peer Production",
  journal = "Capital and Class 33",
  pages = "121-141"
}

@online{bauwens-2012,
  author = "Bauwens, M.",
  year = "2012",
  title = "The 'Welfare State' is Dead - Long Live the 'Partner State'?",
  publisher = "Aljazeera",
  urldate = "2013-07-23",
  url = "http://www.aljazeera.com/indepth/opinion/2012/03/20123111423139193.html"
}


@article{bauwens-2013,
  author = "Bauwens, M.",
  year = "2013",
  title = "Thesis on Digital Labor in an Emerging P2P Economy",
  journal = "Digital Labor. The Internet as Playground and Factory",
  editor = "Trebor Scholz",
  pages = "207-210",
  address = "New York",
  publisher = "Routledge"
}


@article{bauwens-kostakis-nd,
  author = "Bauwens, M. and Kostakis, V.",
  year = "In press",
  title = "The Reconfiguration of Time and Place after the Emergence of Peer-to-Peer infrastructures",
  journal = "Technopolis: Smart Cities as Democratic Ecologies",
  editor = "Daniel Araya",
  address = " New York",
  publisher = "Palgrave Macmillan"
}


@article{benkler-2002,
  author = "Benkler, Y.",
  year = "2002",
  title = "Coase's Penguin, or Linux and the Nature of the Firm",
  journal = "The Yale Law Journal 112",
  pages = "369-446"
}


@article{berry-2008,
  author = "Berry, D.",
  year = "2008",
  title = "The Poverty of Networks",
  address = "Theory, Culture \& Society 25",
  publisher = "364-372"
}


@book{bollier-2009,
  author = "Bollier, D.",
  year = "2009",
  title = "Viral Spiral: How the Commoners Built a Digital Re-Public of their Own",
  address = "New York",
  publisher = "New Press"
}

@online{boyle-1997,
  author = "Boyle, J.",
  year = "1997",
  title = "Foucault in Cyberspace",
  urldate = "2013-07-06",
  url = "http://www.law.duke.edu/boylesite/foucault.htm"
}

@book{bruns-2008,
  author = "Bruns, A.",
  year = "2008",
  title = "Blogs, Wikipedia, Second Life, and Beyond: From Production to Produsage",
  address = "New York, NY",
  publisher = "Peter Lang"
}


@article{caffentzis-2010,
  author = "Caffentzis, G.",
  year = "2010",
  title = "The Future of 'The Commons': Neoliberalism's 'Plan B' or the Original Disaccumulation of Capital?",
  address = "New Formations 69",
  publisher = "23-41"
}


@book{castells-2000,
  author = "Castells, M.",
  year = "2000",
  title = "The Rise of the Network Society",
  edition = "2nd",
  address = "Oxford",
  publisher = "Blackwell"
}


@book{castells-2003,
  author = "Castells, M.",
  year = "2003",
  title = " The Power of Identity",
  edition = "2nd",
  address = "Oxford",
  publisher = "Blackwell"
}


@online{czuczka-2012,
  author = "Czuczka, T.",
  year = "2012",
  title = "Deutsche Bank Suggests Joint Municipal Bonds, Handelsblatt Says",
  publisher = "Bloomberg Businessweek",
  urldate = "2013-07-25",
  url = "http://www.bloomberg.com/news/2012-08-20/deutsche-bank-suggests-joint-municipal-bonds-handelsblatt-says.html"
}

@online{indexmundi-2013,
  author = "Indexmundi",
  year = "2013",
  title = "Germany Economy Profile 2013",
  urldate = "2013-07-25",
  url = "http://www.indexmundi.com/germany/economy_profile.html"
}

@online{economist-2011,
  author = "Economist, T.",
  year = "2011",
  title = "Germany's Local Finances: Hundreds of Mini-Greeces",
  urldate = "2013-07-25",
  url = "http://www.economist.com/node/18587496"
}


@article{fitzgerald-2006,
  author = "Fitzgerald, B.",
  year = "2006",
  title = "The Transformation of Open Source Software",
  journal = "MIS Quarterly 30",
  pages = "587-598"
}


@article{fuchs-2013,
  author = "Fuchs, C.",
  year = "2013",
  title = "Class and Exploitation on the Internet",
  journal = "Digital Labor. The Internet as Playground and Factory",
  editor = "Trebor Scholz",
  pages = "211-224",
  address = "New York",
  publisher = "Routledge"
}

@online{gnu-2012,
  author = "{GNU}",
  year = "2012",
  title = "What is Copyleft?",
  urldate = "2013-07-25",
  url = "http://www.gnu.org/copyleft/copyleft.en.html"
}

@online{gnu-2013,
  author = "{GNU}",
  year = "2013",
  title = "Original BSD license",
  urldate = "2013-07-25",
  url = "http://www.gnu.org/licenses/licenselist.html#OriginalBSD"
}

@online{greve-2006a,
  author = "Greve, G.",
  year = "2006",
  title = "Sovereign Software: Open Standards, Free Software, and the Internet",
  urldate = "2013-07-25",
  url = "http://fsfe.org/activities/policy/igf/sovsoft.en.html"
}

@online{greve-2006b,
  author = "Greve, G.",
  year = "2006",
  title = "On \"Intellectual Property\" and Indigenous Peoples",
  urldate = "2013-07-25",
  url = "http://fsfe.org/activities/wipo/iprip.en.html"
}

@article{hardin-1968,
  author = "Hardin, G.",
  year = "1968",
  title = "The Tragedy of the Commons",
  journal = "Science 162 (3859)",
  pages = "1243-1248"
}

@book{hardt-negri-2001,
  author = "Hardt, M. and Negri, T.",
  year = "2001",
  title = "Empire",
  address = "Cambridge",
  publisher = "Harvard University Press"
}

@book{hardt-negri-2011b,
  author = "Hardt, M. and Negri, T.",
  year = "2011",
  title = "Commonwealth",
  address = "Cambridge",
  publisher = "Belknap Press of Harvard University Press"
}

@book{harvey-2007,
  author = "Harvey, D.",
  year = "2007",
  title = "The Limits to Capital",
  address = "London",
  publisher = "Verso"
}

@book{harvey-2010,
  author = "Harvey, D.",
  year = "2010",
  title = "The Enigma of Capital: And the Crises of Capitalism",
  address = "Oxford/New York",
  publisher = "Oxford University Press"
}

@article{hertel-2003,
  author = "Hertel, G. and Niedner, S. and Herrmann, S.",
  year = "2003",
  title = "Motivation of Software Developers in Open Source Projects: an Internet-Based Survey of Contributors to the Linux Kernel",
  journal = "Research Policy 32",
  pages = "1159-1177",
  address = "Indexmundi. 2013. Germany Economy Profile 2013",
  urldate = "2013-07-25",
  url = "http://www.indexmundi.com/germany/economy_profile.html"
}

@article{kostakis-2012,
  author = "Kostakis, V.",
  year = "2012",
  title = "The Political Economy of Information Production in the Social Web: Chances for Reflection on our Institutional Design",
  journal = "Contemporary Social Science 7",
  pages = "305-319"
}

@article{kostakis-2013,
  author = "Kostakis, V.",
  year = "2013",
  title = "At the Turning Point of the Current Techno-Economic Paradigm: Commons-Based Peer Production, Desktop Manufacturing and the Role of Civil Society in the Perezian Framework",
  journal = "tripleC-Communication, Capitalism \& Critique 11",
  pages = "173-190"
}

@article{kempf-austein-2004,
  author = "Kempf, James and Austein, R.",
  year = "2004",
  title = "The Rise of the Middle and the Future of End-to-End: Reflections on the Evolution of the Internet Architecture",
  urldate = "2013-07-25",
  url = "http://tools.ietf.org/html/rfc3724"
}

@book{klein-2008,
  author = "Klein, N.",
  year = "2008",
  title = "The Shock Doctrine: The Rise of Disaster Capitalism",
  address = "New York",
  publisher = "Picador"
}

@book{kleiner-2010,
  author = "Kleiner, D.",
  year = "2010",
  title = "The Telekommunist Manifesto",
  address = "Amsterdam",
  publisher = "Institute of Network Cultures",
  comment = "Versión en castellano \url{http://endefensadelsl.org/manifiesto_telecomunista.html}"
}

@book{krugman-2009,
  author = "Krugman, P.",
  year = "2009",
  title = "The Return of Depression Economics and the Crisis of 2008",
  address = "New York, NY",
  publisher = "W.  W. Norton \& Company"
}

@book{krugman-2012,
  author = "Krugman, P.",
  year = "2012",
  title = "End This Depression Now!",
  address = "New York, NY",
  publisher = "W. W. Norton \& Company"
}

@book{kumar-1995,
  author = "Kumar, K.",
  year = "1995",
  title = "From Post-industrial to Post-modern Society",
  address = "Oxford",
  publisher = "Blackwell"
}

@online{laisne-2010,
  author = "Laisne, J. P. and Aigrain, P. and Bollier, D. and Tiemann, M.",
  year = "2010",
  title = "2020 FLOSS Roadmap 3rd edition",
  urldate = "2013-07-25",
  url = "http://www.2020flossroadmap.org/"
}

@incollection{lakhani-2005,
  author = "Lakhani, K. and Wolf, R.",
  year = "2005",
  title = "Why Hackers Do What they Do: Understanding Motivation and Effort in Free/Open Source Software Projects",
  editor = "J. Feller and B. Fitzgerald and S. Hissam and K. Lakhani",
  collection = "Perspectives on Free and Open Source Software",
  address = "Cambridge, MA",
  publisher = "MIT Press"
}


@article{lapavitsas-2012,
  author = "Lapavitsas, C.",
  year = "2012",
  title = "Financialisation in Crisis",
  address = "Leiden",
  publisher = "Brill"
}

@book{marx-1992,
  author = "Marx, K.",
  year = "1992",
  title = "Capital: A Critique of Political Economy",
  volume = "2",
  address = "London",
  publisher = "Penguin"
}


@book{marx-1993,
  author = "Marx, K.",
  year = "1993",
  title = "Grundrisse. Foundations of the Critique of Political Economy",
  address = "London",
  publisher = "Penguin"
}

@book{monnet-1976,
  author = "Monnet, J.",
  year = "1976",
  title = "Mémoires, Nous ne Coalisons pas des Etats, Nous Unissons des Hommes",
  address = "Paris",
  publisher = "Fayard"
}

@book{mueller-2010,
  author = "Mueller, M.",
  year = "2010",
  title = "Networks and States: The Global Politics of Internet Governance",
  address = "Cambridge, MA",
  publisher = "MIT Press"
}


@article{orsi-2009,
  author = "Orsi, C.",
  year = "2009",
  title = "Knowledge-Based Society, Peer Production and the Common Good",
  journal = "Capital and Class 33",
  pages = "31-51"
}

@book{ostrom-1990,
  author = "Ostrom, E.",
  year = "1990",
  title = "Governing the Commons: The Evolution of Institutions for Collective Action",
  address = "Cambridge",
  publisher = "Cambridge University Press"
}

@book{perens-1999,
  author = "Perens, B.",
  year = "1999",
  title = "Open Sources: Voices from the Open Source Revolution",
  address = "Sebastopol, CA",
  publisher = "O' Reilly Media"
}

@book{perez-2002,
  author = "Perez, C.",
  year = "2002",
  title = "Technological Revolutions and Financial Capital: The Dynamics of Bubbles and Golden Ages",
  address = "Cheltenham",
  publisher = "Edward Elgar Pub"
}

@article{perez-2009a,
  author = "Perez, C.",
  year = "2009",
  title = "Technological Revolutions and Techno-Economic Paradigms",
  journal = "Cambridge Journal of Economics 34",
  pages = "185-202"
}

@article{perez-2009b,
  author = "Perez, C.",
  year = "2009",
  title = "The Double Bubble at the Turn of the Century. Technological Roots and Structural Implications",
  journal = "Cambridge Journal of Economics 33",
  pages = "779-805"
}

@online{rigi-2012,
  author = "Rigi, J.",
  year = "2012",
  title = "Peer to Peer Production as the Alternative to Capitalism: A New Communist Horizon",
  journal = "Journal of Peer Production",
  urldate = "2013-07-25",
  url = "http://peerproduction.net/issues/issue1/invited-comments/a-new-communist-horizon/",
  comment = "Versión en castellano \url{http://endefensadelsl.org/un_nuevo_horizonte_comunista.html}"
}

@book{schiller-1981,
  author = "Schiller, H.",
  year = "1981",
  title = "Who Knows: Information in the Age of the Fortune 500",
  address = "Norwood, NJ",
  publisher = "Ablex"
}

@book{schiller-1984,
  author = "Schiller, H.",
  year = "1984",
  title = "Information and the Crisis Economy",
  address = "Norwood, NJ",
  publisher = "Ablex"
}

@book{schiller-1996,
  author = "Schiller, H.",
  year = "1996",
  title = "Information Inequality",
  address = "New York",
  publisher = "Routledge"
}

@book{schumpeter-1975,
  author = "Schumpeter, J.",
  year = "1975",
  title = "Capitalism, Socialism and Democracy",
  address = "London",
  publisher = "Harper and Row"
}

@book{schumpeter-1982,
  author = "Schumpeter, J.",
  year = "1982",
  title = "Business Cycles",
  address = "Philadelphia, PA",
  publisher = "Porcupine Press"
}

@book{sowell-2010,
  author = "Sowell, T.",
  year = "2010",
  title = "The Housing Boom and Bust: Revised Edition",
  address = "New York, NY",
  publisher = "Basic Books"
}

@online{stallman-2008,
  author = "Stallman, R.",
  year = "2008",
  title = "Free Software in Ethics and Practice",
  urldate = "2013-07-25",
  url = "http://archive.org/details/Richard.Stallman.Manchester.2008"
}

@online{stallman-2012,
  author = "Stallman, R.",
  year = "2012",
  title = "Why Open Source Misses the Point of Free Software",
  urldate = "2013-07-25",
  url = "http://www.gnu.org/philosophy/open-source-misses-the-point.en.html",
  comment = "Versión en castellano \"Por qué el código abierto pierde el punto de vista del software libre\" en el mismo sitio"
}

@book{stiglitz-2010,
  author = "Stiglitz, J.",
  year = "2010",
  title = "Freefall: America, Free Markets, and the Sinking of the World Economy",
  address = "New York, NY",
  publisher = "W.W. Norton and Co"
}

@article{swedberg-1994,
  author = "Swedberg, R.",
  year = "1994",
  title = "The Idea of 'Europe' and the Origin of the European Union: A Sociological Approach",
  journal = "Zeitschrift für Soziologie 23",
  pages = "378-387",
  urldate = "2013-07-25",
  url = "http://zfsonline.ub.uni-bielefeld.de/index.php/zfs/article/viewFile/2871/2408"
}

@incollection{terranova-2013,
  author = "Terranova, T.",
  year = "2013",
  title = "Free Labor",
  booktitle = "Digital Labor. The Internet as Playground and Factory",
  editor = "Trebor Scholz",
  pages = "33-57",
  address = "New York",
  publisher = "Routledge"
}

@book{toffler-2006,
  author = "Toffler, A and Toffler, H.",
  year = "2006",
  title = "Revolutionary Wealth",
  address = "New York, NY",
  publisher = "Knopf"
}

@book{von-hippel-2005,
  author = "von {H}ippel, E.",
  year = "2005",
  title = "Democratizing Innovation",
  address = "Cambridge, MA",
  publisher = "MIT Press"
}

@book{webster-2002a,
  author = "Webster, F.",
  year = "2002",
  title = "Theories of the Information Society",
  edition = "2",
  address = "London",
  publisher = "Routledge"
}

@incollection{webster-2002b,
  author = "Webster, F.",
  year = "2002",
  title = "The Information Society Revisited",
  booktitle = "Handbook of New Media: Social Shaping and Social Consequences of ICTs",
  editor = "Leah Lievrouw and Sonia Livingstone",
  pages = "22-33",
  address = "London",
  publisher = "Sage"
}

@book{williamson-1985,
  author = "Williamson, O.",
  year = "1985",
  title = "The Economic Institutions of Capitalism",
  address = "New York, NY",
  publisher = "Free Press"
}

@book{williamson-1995,
  author = "Williamson, O.",
  year = "1995",
  title = "Organization Theory: From Chester Barnard to the Present and Beyond",
  address = "New York, NY",
  publisher = "Oxford University Press"
}

@book{zittrain-2008,
  author = "Zittrain, J.",
  year = "2008",
  title = "The Future of the Internet: And How to Stop it",
  address = "New Haven",
  publisher = "Yale University Press"
}

% Bibliografía de Los átomos también quieren ser libres!  Algunos no son
% llamados dentro del texto, no sé cómo hacer para incluirlos

@online{barlow-1996,
  author = "Barlow, J.",
  year = "1996",
  title = "A Declaration of Independence of Cyberspace",
  urldate = "2012-01-23",
  url = "http://w2.eff.org/Censorship/Internet_censorship_bills/barlow_0296.declaration"
}

@book{benkler-2006,
  author = "Benkler, Y.",
  year = "2006",
  title = "The Wealth of Networks: How Social Production Transforms Markets and Freedom",
  address = "New Haven",
  publisher = "Yale University Press"
}

@book{boldrin-levine-2008,
  author = "Boldrin, M. and Levine, D.",
  year = "2008",
  title = "Against Intellectual Monopoly",
  address = "New York",
  publisher = "Cambridge University Press"
}

@article{boyle-2003,
  author = "Boyle, J.",
  year = "2003",
  title = "The Second Enclosure Movement and the Construction of the Public Domain",
  journal = "Law and Contemporary Problems 66",
  pages = "33-74"
}

@book{bowker-star-1999,
  author = "Bowker, G. C. and Star, S.",
  year = "1999",
  title = "Sorting Things Out: Classification and its Consequences",
  address = "Cambridge",
  publisher = "MIT Press"
}

@online{bowyer-2004,
  author = "Bowyer, A.",
  year = "2004",
  title = "Wealth without money",
  url = "http://reprap.org/wiki/Wealth_Without_Money"
}

@article{bradshaw-bowyer-haufe-2010,
  author = "Bradshaw, S. and Bowyer, A. and Haufe, P.",
  year = "2010",
  title = "The Intellectual Property Implications of Low-Cost 3D Printing",
  journal = "Scripted 7",
  pages = "5-31"
}

@book{brand-1987,
  author = "Brand, S.",
  year = "1987",
  title = "The Media Lab: Inventing the Future at MIT",
  address = "New York",
  publisher = "Viking"
}

@article{camfield-2007,
  author = "Camfield, D.",
  year = "2007",
  title = "The Multitude and the Kangaroo: A Critique of Hardt and Negri's Theory of Immaterial Labour",
  journal = "Historical Materialism 15",
  pages = "21-52"
}

@article{capurro-2009,
  author = "Capurro, R.",
  year = "2009",
  title = "Past, Present, and Future of the Concept of Information",
  journal = "TripleC – Cognition, Communication, Cooperation: Open Access Journal for a Global Sustainable Information Society 7",
  pages = "125-141",
  urldate = "2012-01-30",
  url = "http://triple-c.at/index.php/tripleC/article/view/113/116"
}

@article{coase-1974,
  author = "Coase, R.",
  year = "1974",
  title = "The Lighthouse in Economics",
  journal = "Journal of Law and Economics 17 (October)",
  pages = "357-376"
}

@article{coleman-2004,
  author = "Coleman, G.",
  year = "2004",
  title = "The Political Agnosticism of Free and Open Source Software and the Inadvertent Politics of Contrast",
  journal = "Anthropological Quarterly 77",
  pages = "507-519"
}

@article{daoud-2011,
  author = "Daoud, A.",
  year = "2011",
  title = "Scarcity, Abundance, and Sufficiency: Contributions to Social and Economic Theory",
  journal = "Göteborg Studies in Sociology No 46",
  address = "Gothenburg",
  publisher = "University of Gothenburg",
  urldate = "2012-01-23",
  url = "http://gupea.ub.gu.se/bitstream/2077/24686/1/gupea_2077_24686_1.pdf"
}

@article{daoud-2010,
  author = "Daoud, A.",
  year = "2010",
  title = "Robbins and Malthus on Scarcity, Abundance, and Sufficiency: The Missing Sociocultural Element",
  journal = "American Journal of Economics and Sociology 69",
  pages = "1206-1229"
}

@incollection{foldvary-2003,
  author = "Foldvary, F.",
  year = "2003",
  title = "The Lighthouse as a Private-Sector Collective Good",
  booktitle = "The Half-Life of Policy Rationales: How New Technology Affects Old Policy Issues",
  editor = "Fred E. Foldvary and Daniel B. Klein",
  pages = "38-59",
  address = "New York",
  publisher = "New York University Press"
}

@article{fuchs-2003,
  author = "Fuchs, C.",
  year = "2003",
  title = "The Self-Organization of Matter",
  journal = "Nature, Society, and Thought 16",
  pages = "281-313"
}

@article{gieryn-1983,
  author = "Gieryn, T.",
  year = "1983",
  title = "Boundary-Work and the Demarcation of Science from Non-Science: Strains and Interests in Professional Ideologies of Scientists",
  journal = "American Sociological Review 48",
  pages = "781-795"
}

@article{gibson-1999,
  author = "Gibson, M.",
  year = "1999",
  title = "Can Software Replace Hardware",
  journal = "Ericsson Connexion, June"
}

@article{star-griesemer-1989,
  author = "Star, S. L. and Griesemer, J.",
  year = "1989",
  title = "Institutional Ecology, 'Translations' and Boundary Objects: Amateurs and Professionals in Berkeley's Museum of Vertebrate Zoology, 1907-39",
  journal = "Social Studies of Science 19",
  pages = "387-420"
}

@article{hayles-1994,
  author = "Hayles, K.",
  year = "1994",
  title = "Boundary Disputes: Homeostasis, Reflexivity, and the Foundations of Cybernetics",
  journal = "Configurations 2",
  pages = "441-467"
}

@incollection{hayles-1999,
  author = "Hayles, K.",
  year = "1999",
  title = "The Condition of Virtuality",
  booktitle = "The Digital Dialectic: New Essays on New Media",
  editor = "Peter Lunenfeld",
  pages = "68-95",
  address = "Cambridge",
  publisher = "MIT Press"
}

@article{hunter-2004,
  author = "Hunter, D.",
  year = "2004",
  title = "Marxist-Lessigism",
  journal = "Legal Affairs: The Magazine of the Intersection of Law and Life, November/December"
}

@incollection{kopytoff-1986,
  author = "Kopytoff, I.",
  year = "1986",
  title = "The Cultural Biography of Things: Commoditization as Process",
  booktitle = "In The Social Life of Things: Commodities in Cultural Perspective",
  editor = "Arjun Appadurai",
  pages = "64-91",
  address = "Cambridge",
  publisher = "Cambridge University Press"
}

@book{kuhn-1996,
  author = "Kuhn, T.",
  year = "1996",
  title = "The Structure of Scientific Revolutions",
  address = "Chicago",
  publisher = "University of Chicago Press"
}

@article{lamont-molnar-2002,
  author = "Lamont, M. and Molnár, V.",
  year = "2002",
  title = "The Study of Boundaries in the Social Sciences",
  journal = "Annual Review of Sociology 28",
  pages = "63-90"
}

@article{lastowka-hunter-2004,
  author = "Lastowka, G. and Hunter, D.",
  year = "2004",
  title = "The Laws of the Virtual Worlds",
  journal = "California Law Review 92 (1)",
  pages = "3-73"
}

@book{lessig-2001,
  author = "Lessig, L.",
  year = "2001",
  title = "The Future of Ideas: The Fate of the Commons in a Connected World",
  address = "New York",
  publisher = "Random House"
}

@book{machlup-1984,
  author = "Machlup, F.",
  year = "1984",
  title = "Knowledge: Its Creation, Distribution and Economic Significance",
  address = "Princeton",
  publisher = "Princeton University Press"
}

@article{malik-2005,
  author = "Malik, S.",
  year = "2005",
  title = "Information and Knowledge",
  journal = "Theory, Culture \& Society 22 (1)",
  pages = "29-49"
}

@article{mansell-2004,
  author = "Mansell, R.",
  year = "2004",
  title = "Political Economy, Power and New Media",
  journal = "New Media \& Society 6 (1)",
  pages = "96-105"
}

@book{marx-1976,
  author = "Marx, K.",
  year = "1976",
  title = "Capital: A Critique of Political Economy",
  volume = "1",
  address = "London",
  publisher = "Penguin Books"
}

@book{menger-2004,
  author = "Menger, C.",
  year = "2004",
  title = "Principles of Economics",
  address = "Grove City",
  publisher = "Libertarian Press, Ludwig von Mises Institute"
}

@incollection{mill-1965,
  author = "Mill, J.",
  year = "1965",
  title = "Principles of Political Economy",
  booktitle = "The Collected Works of John Stuart Mill",
  volume = "3",
  editor = "John M. Robson",
  address = "London",
  publisher = "Routledge"
}

@book{mirowski-2013,
  author = "Mirowski, P.",
  year = "2013",
  title = "Never let a serious crisis go to waste: How neoliberalism survived the financial meltdown",
  address = "New York",
  publisher = "Verso"
}

@book{mosco-1996,
  author = "Mosco, V.",
  year = "1996",
  title = "The Political Economy of Communication",
  address = "London",
  publisher = "Sage Publications"
}

@book{perelman-2000,
  author = "Perelman, M.",
  title = "The Innovation of Capitalism—Classical Political Economy and the Secret History of Primitive Accumulation",
  address = "Durham",
  publisher = "Duke University Press",
  year = "2000"
}

@collection{peterson-1984,
  editor = "Peterson, Merrill D.",
  year = "1984",
  title = "Writings/Thomas Jefferson",
  address = "New York",
  publisher = "Literary Classics of the US"
}

@article{proulx-latzko-2005,
  author = "Proulx, S. and {L}atzko-{T}oth, G.",
  year = "2005",
  title = "Mapping the Virtual in Social Sciences: On the Category of \"Virtual Community\"",
  journal = "The Journal of Community Informatics 2 (1)",
  pages = "42-52"
}

@book{polanyi-2001,
  author = "Polanyi, K.",
  year = "2001",
  title = "The Great Transformation",
  address = "New York",
  publisher = "Beacon Press"
}

@article{rideout-2012,
  author = "Rideout, B.",
  year = "2012",
  title = "Printing the Impossible Triangle: The Copyright Implications of Three-Dimensional Printing",
  journal = "Entrepreneurship \& L. 161"
}

@book{sahlins-1972,
  author = "Sahlins, M.",
  year = "1972",
  title = "Stone Age Economics",
  address = "Chicago",
  publisher = "Aldine Publishing Company"
}

@book{samuelson-nordhaus-2001,
  author = "Samuelson, P. A. and Nordhaus, W.",
  year = "2001",
  title = "Economics",
  address = "Boston",
  publisher = "McGraw-Hill"
}

@incollection{schiller-1988,
  author = "Schiller, D.",
  year = "1988",
  title = "How to Think About Information",
  booktitle = "The Political Economy of Information",
  editor = "Vincent Mosco and Janet Wasko",
  pages = "27-43",
  address = "Madison",
  publisher = "University of Wisconsin Press"
}

@incollection{schiller-1997,
  author = "Schiller, D.",
  year = "1997",
  title = "The Information Commodity: A Preliminary View",
  booktitle = "Cutting Edge: Technology, Information Capitalism and Social Revolution",
  editor = "Jim Davis, Thomas A. Hirschl, and Michael Stack",
  pages = "103-120",
  address = "London",
  publisher = "Verso"
}

@article{shannon-1948,
  author = "Shannon, C.",
  year = "1948",
  title = "A Mathematical Theory of Communication",
  journal = "The Bell System Technical Journal 27",
  pages = "379-423,623-656"
}

@book{sidgwick-1901,
  author = "Sidgwick, H.",
  year = "1901",
  title = "The Principles of Political Economy",
  address = "London",
  publisher = "Macmillan"
}

@incollection{simon-1971,
  author = "Simon, H.",
  year = "1971",
  title = "Designing Organizations for an Information-Rich World",
  booktitle = "Computers, Communication, and the Public Interest",
  editor = "Martin Greenberger",
  pages = "37-72",
  address = "Baltimore",
  publisher = "The Johns Hopkins Press"
}

@article{stallman-2006,
  author = "Stallman, R.",
  year = "2006",
  title = {{Did You Say "Intellectual Property"? It's a Seductive Mirage}},
  journal = "Policy Futures in Education 4 (4)",
  pages = "334-336"
}

@incollection{soderberg-2009,
  author = "Söderberg, J.",
  year = "2009",
  title = "Hackers GNUnited",
  booktitle = "Free Beer",
  editor = "Stian R. Eide",
  pages = "89-106",
  address = "Göteborg",
  publisher = "Lulu"
}

@article{soderberg-netzen-2010,
  author = "Söderberg, J. and Netzén, A.",
  year = "2010",
  title = "When All That Is Theory Melts Into (Hot) Air: Contrasts and Parallels Between Actor Network Theory, Autonomist Marxism, and Open Marxism",
  journal = "Ephemera 10 (2)",
  pages = "95-118" 
}

@article{soderberg-2013,
  author = "Söderberg, J.",
  year = "2013",
  title = "Automating amateurs in the 3D printing community: Connecting the dots between deskilling and user-friendliness",
  journal = "Work organisation, Labour and Globalisation, 7 (1)",
  pages = "124-140" 
}

@article{terranova-2000,
  author = "Terranova, T.",
  year = "2000",
  title = "Free Labour, Producing Culture for the Digital Economy",
  journal = "Social Text 18 (2)",
  pages = "33-57"
}

@incollection{virno-1996,
  author = "Virno, P.",
  year = "1996",
  title = "Notes on the General Intellect",
  booktitle = "Marxism Beyond Marxism",
  editor = "Saree Makdisi, Cesare Casarino, and Rebecca E. Karl",
  pages = "265-272",
  address = "London",
  publisher = "Routledge"
}

@book{xenos-1989,
  author = "Xenos, N.",
  year = "1989",
  title = "Scarcity and Modernity",
  address = "London",
  publisher = "Routledge"
}

@book{turner-2008,
  author = "Turner, F.",
  year = "2008",
  title = "From Counterculture to Cyberculture: Stewart Brand, the Whole Earth Network, and the Rise of Digital Utopianism",
  publisher = "University Of Chicago Press"
}

@book{adorno-1951,
  address = {Frankfurt am Main},
  author = "Adorno, T.",
  biburl = {http://www.bibsonomy.org/bibtex/2170da52d2c2acfa29e91e52d15d6eb19/s_np},
  editor = {Adorno, Th. W.},
  publisher = {Suhrkamp},
  title = {Minima Moralia. Reflexionen aus dem beschädigten Leben},
  year = 1951
}

@online{zizek-2008,
    author = "Žižek, S.",
    title = " Use Your Illusions",
    year = "2008",
    url = "http://www.egs.edu/faculty/slavoj-zizek/articles/use-your-illusion/"
}

@book{agamben-1998,
  author = "Agamben, G.",
  year = "1998",
  title = "Homo Sacer: Sovereign Power and Bare Life",
  address = "Standford, CA",
  publisher = "Stanford University Press"
}

@online{anon-2008,
  author = "Anon",
  year = "2008",
  title = "Hackerspaces: The Beginning",
  url = "http://blog.hackerspaces.org/2011/08/31/hackerspaces-the-beginning-the-book/",
  urldate = "7/5/2011"
}

@article{anon-2011,
  author = "Anon",
  year = "2011",
  title = "Interview on politics of hackerspaces",
  address = "Vienna"
}

@online{avana-2005,
  author = "AvANa.net",
  year = "2005",
  title = "Cronaca della nascita di un medialab al forteprenestino",
  url = "http://avana.forteprenestino.net/index.htm",
  urldate = "7/5/2011"
}

@online{barlow-1996a,
  author = "Barlow, J.P.",
  year = "1996",
  title = "A Declaration of the Independence of Cyberspace",
  url = "https://projects.eff.org/~barlow/Declaration-Final.html",
  urldate = "14/10/2011"
}

@book{bazichelli-2008,
  author = "Bazichelli, T.",
  year = "2008",
  title = "Networking - The Net as Artwork",
  address = "Aarhus",
  publisher = "Digital Aesthetics Research Center"
}

@article{berardi-mecchia-2007,
  author = "Berardi, F. and Mecchia, G.",
  year = "2007",
  title = "Technology and Knowledge in a Universe of Indetermination",
  journal = "SubStance",
  number = "36",
  pages = "56-74"
}

@book{bey-2003,
  author = "Bey, H.",
  year = "2003",
  title = "Pirate Utopias: Moorish Corsairs and European Renegadoes",
  address = "New York",
  publisher = "Autonomedia"
}

@online{blaze-2003,
  author = "Blaze, M.",
  year = "2003",
  title = "Is it harmful to discuss security vulnerabilities?",
  url = "http://www.crypto.com/hobbs.html",
  urldate = "14/10/2011"
}

@article{braybrooke-2011,
  author = "Braybrooke, K.",
  year = "2011",
  title = "She-Hackers: Millennials and Gender in European F/LOSS Subcultures - A Presentation of Research and Invitation for Debate",
  journal = "Charla en el 4to Chaos Communication Camp",
  address = "Finowfurt airport"
}

@article{burgmann-2005,
  author = "Burgmann, V.",
  year = "2005",
  title = "From Syndicalism to Seattle: Class and the Politics of Identity",
  journal = "International Labor and Working-Class History",
  number = "67",
  pages = "1-21"
}

@book{cheswick-bellovin-rubin-2003,
  author = "Cheswick, W. R. and Bellovin, S.M. and Rubin, A.D.",
  year = "2003",
  title = "Firewalls and Internet Security: Repelling the Wily Hacker",
  address = "Boston, MA",
  publisher = "Addison-Wesley (Pearson Education)"
}

@online{clarke-2001,
  author = "Clarke, R.",
  year = "2001",
  title = "Information Wants to be Free ...",
  url = "http://www.rogerclarke.com/II/IWtbF.html",
  urldate = "14/10/2011"
}

@article{coleman-golub-2008,
  author = "Coleman, G. and Golub, A.",
  year = "2008",
  title = "Hacker Practice: Moral Genres and The Cultural Articulation of Liberalism",
  journal = "Anthropological Theory",
  number = "3",
  pages = "255-277"
}

@online{coleman-golub-2010,
  author = "Coleman, G. and Golub, A.",
  year = "2010",
  title = "The Anthropology of Hackers",
  publisher = "The Atlantic",
  url = "http://www.theatlantic.com/technology/archive/2010/09/the-anthropology-of-hackers/63308/",
  urldate = "14/10/2011"
}

@online{cosentino-platoniq-2011,
  author = "Cosentino, R. and platoniq",
  year = "2011",
  title = "Burnstation - Free Audio Culture",
  url = "http://web.archive.org/web/20110201000000*/http://burnstation.net/indexnew.html",
  urldate = "7/5/2011"
}

@article{critical-art-ensemble-2000,
  author = "Critical Art Ensemble",
  year = "2000",
  title = "Critical Art Ensemble Timeline",
  journal = "TDR",
  number = "44",
  pages = "132-135",
  url = "https://muse.jhu.edu/journals/the_drama_review/summary/v044/44.4timeline.html"
}

@book{critical-art-ensemble-2002,
  author = "Critical Art Ensemble",
  year = "2002",
  title = "Digital Resistance: Exploration in Tactical Media",
  publisher= "Autonomedia and Critical Art Ensemble",
  address = "New York"
}

@online{critical-art-ensemble-1997,
  author = "Critical Art Ensemble",
  year = "1997",
  title = "Diseases of Consciousness",
  url = "http://critical-art.net/Original/doc/"
}

@book{debord-1977,
  author = "Debord, G.",
  year = "1977",
  title = "Society of the Spectacle",
  publisher = "Black Red"
}

@collection{endnotes-2008,
  editor = "Endnotes",
  year = "2008",
  title = "Endnotes 1: Preliminary Materials for a Balance Sheet of the 20th Century",
  address = "London",
  publisher = "Endnotes"
}

@article{farr-2008,
  author = "Farr, N. and et al",
  year = "2008",
  title = "Building Hacker Spaces Everywhere: Your Excuses are Invalid",
  journal = "Charla en The Last HOPE (Hackers On Planet Earth)",
  address = "Hotel Pennsylvania"
}

@online{farr-2009,
  author = "Farr, N.",
  year = "2009",
  title = "Respect the Past, Examine the Present, Build the Future",
  publisher = "Hackerspaces Flux",
  url = "http://blog.hackerspaces.org/2009/08/25/respect-the-past-examine-the-present-build-the-future/",
  urldate = "14/10/2011"
}

@online{foti-2010,
  author = "Foti, M.",
  year = "2010",
  title = "The New Lansdowne Club History of the building and 3D reconstructions: The New Lansdowne Club in 2010",
  url = "http://www.newlansdowneclub3d.org.uk/ex4.html",
  urldate = "13/10/2011"
}

@online{grenzfurthner-schneider-2009,
  author = "Grenzfurthner, J. and Schneider, F. A.",
  year = "2009",
  title = "Hacking the Spaces",
  url = "http://www.monochrom.at/hacking-the-spaces/",
  urldate = "24/10/2011",
  annotation = "Hackeando los espacios, disponible en castellano en \url{http://endefensadelsl.org/hackeando_los_espacios.html}"
}

@online{hackerspaces.org-2011,
  author = "hackerspaces.org",
  year = "2011",
  title = "Hackerspaces | flux | About us",
  url = "http://blog.hackerspaces.org/about/",
  urldate = "20/10/2011"
}

@article{hamm-2003,
  author = "Hamm, M.",
  year = "2003",
  title = "A r/c tivism in Physical and Virtual Spaces",
  journal = "Republicart",
  number = "9",
  url = "http://www.republicart.net/disc/realpublicspaces/hamm02\_en.htm",
  urldate = "13/10/2011"
}

@book{hardt-negri-2002,
  author = "Hardt, M. and Negri, A.",
  year = "2002",
  title = "Empire",
  address = "Cambridge, MA",
  publisher = "Harvard University Press"
}

@book{hardt-negri-2004,
  author = "Hardt, M. and Negri, A.",
  year = "2004",
  title = "Multitude",
  address = "New York",
  publisher = "Penguin"
}

@book{harvey-2007a,
  author = "Harvey, D.",
  year = "2007",
  title = "A Brief History of Neoliberalism",
  address = "Oxford, New York",
  publisher = "OUP"
}

@article{hinton-1988,
  author = "Hinton, J.",
  year = "1988",
  title = "Self-Help and Socialism the Squatters' Movement of 1946",
  journal = "History Workshop",
  number = "25",
  pages = "100-126"
}

@book{hobbs-tomlinson-fenby-1868,
  author = "Hobbs, A.C. and Tomlinson C. and Fenby, J.B.",
  year = "1868",
  title = "Locks and Safes: The Construction of Locks",
  address = "London",
  publisher = "Virtue Co"
}

@online{house-of-commons-2010,
  author = "House of Commons",
  year = "2010",
  title = "Early day motion 1545: Squatting",
  publisher = "Website of the Houses of Parliament of the United Kingdom",
  url = "http://www.parliament.uk/edm/2010-12/1545",
  urldate = "8/3/2010"
}

@book{igoe-osullivan-2004,
  author = "Igoe, T. and O'Sullivan, D.",
  year = "2004",
  title = "Physical Computing: Sensing and Controlling the Physical World with Computers",
  address = "Boston, MA",
  publisher = "Premier Press"
}

@book{wallerstein-2004,
  author = "Wallerstein, Immanuel",
  year = "2004",
  title = "World-Systems Analysis: An Introduction",
  address = "Durham and London",
  publisher = "Duke University Press"
}

@book{levy-2001,
  author = "Levy, S.",
  year = "2001",
  title = "Hackers: Heroes of the Computer Revolution",
  address = "New York",
  publisher = "Penguin"
}

@collection{lotringer-marazzi-2007,
  editor = "Lotringer, S. and Marazzi, C.",
  year = "2007",
  title = "Autonomia: Post-Political Politics",
  address = "Los Angeles",
  publisher = "Semiotext"
}

@online{make-2011,
  author = "Make Magazine",
  year = "2011",
  title = "DIY Projects, Inspiration, How-tos, Hacks, Mods More @ Makezine.com - Tweak Technology to Your Will",
  url = "http://makezine.com/volumes/index.csp",
  urldate = "14/10/2011"
}

@online{metalab-2011,
  author = "Metalab ",
  year = "2011",
  title = "Stadtflucht",
  url = "https://metalab.at/wiki/Stadtflucht",
  urldate = "20/10/2011"
}

@online{mit-2007,
  author = "MIT's Center for Bits and Atoms",
  year = "2007",
  title = "The Fab Charter",
  url = "http://fab.cba.mit.edu/about/charter/",
  urldate = "20/3/2012"
}

@incollection{morris-2004,
  author = "Morris, D.",
  year = "2004",
  title = "Globalisation and Media Democracy: The Case of Indymedia",
  editor = "Schuler, D. and Day, P.",
  booktitle = "Shaping the Network Society: The New Role of Civil Society in Cyberspace",
  address = "Massachusetts, MA",
  publisher = "MIT Press"
}

@article{ohlig-weiler-2007,
  author = "Ohlig, J. and Weiler, L.",
  year = "2007",
  title = "Building a Hackerspace",
  journal = "Charla en 24C3, el 24to Chaos Communication Congress",
  address = "Berliner Congress Center"
}

@article{pettis-2008,
  author = "Pettis, B. et al",
  year = "2008",
  title = "Building an international movement: hackerspaces.org",
  journal = "Charla en el 25C3, el 25to Chaos Communication Congress",
  address = "Berliner Congress Center"
}

@online{parliament-2010,
  author = "Parlamento del Reino Unido",
  year = "2010",
  title = "Digital Economy Act",
  url = "http://www.legislation.gov.uk/ukpga/2010/24/pdfs/ukpga_20100024_en.pdf",
  urldate = "20/10/2011"
}

@incollection{proudhon-2007,
  author = "Proudhon, P-J.",
  year = "2007",
  title = "Chapter I: Method Pursued In This Work - The Idea of a Revolution",
  booktitle = "What is Property?",
  publisher = "Wikimedia Foundation",
  url = "http://en.wikisource.org/wiki/What_is_Property%3F",
  urldate = "7/5/2011"
}

@book{slatalla-quittner-1995,
  author = "Slatalla, M. and Quittner, J.",
  year = "1995",
  title = "Masters of Deception: The Gang that Rules Cyberspace",
  address = "New York",
  publisher = "HarperCollins"
}

@article{soderberg-2011,
  author = "Söderberg, J.",
  year = "2011",
  title = "Free Space Optics in the Czech Wireless Community: Shedding Some Light on the Role of Normativity for User-Initiated Innovations",
  journal = "Science Technology Human Values",
  number = "36"
}

@collection{steele-raymond-1996,
  editor = "Steele, G.L. and Raymond, E.S.",
  year = "1996",
  title = "The New Hacker’s Dictionary",
  address = "Cambridge, MA, London",
  publisher = "MIT Press"
}

@article{stef-2009,
  author = "Stef",
  year = "2009",
  month = "6",
  title = "WTF: hackerspace",
  journal = "Charla en New Tech Meetup",
  address = "Dürer Kert"
}

@book{sterling-1992,
  author = "Sterling, Bruce",
  year = "1992",
  title = "The Hacker Crackdown",
  address = "New York",
  publisher = "Bantam"
}

@book{taylor-1989,
  author = "Taylor, Charles",
  year = "1989",
  title = "Sources of the Self: The Making of Modern Identity",
  address = "Cambridge, MA",
  publisher = "Harvard University Press"
}

@online{telestreet-2005,
  author = "And_",
  title = "Telestreet: The Italian Media Jacking Movement",
  year = "2005",
  url = "http://www.archive.org/details/telestreet2",
  urldate = "3/8/2011"
}

@online{usher-2010,
  author = "Usher, S.",
  year = "2010",
  title = "Amsterdam protest at new squatting laws",
  editor = "BBC News Europe",
  url = "http://www.bbc.co.uk/news/world-europe-11458225",
  urldate = "3/8/2011"
}

@article{willemsen-2006,
  author = "Willemsen, M.",
  year = "2006",
  title = "Telestreet: Squatting Frequencies - Merel Willemsen in conversation with Agnese Trocchi, co-founder of Candida TV",
  journal = "Untitled Magazine",
  number = "37",
  url = "http://www.cascoprojects.org/?programme=allentryid=89",
  urldate = "7/5/2011"
}

@book{wright-2002,
  author = "Wright, S.",
  year = "2002",
  title = "Storming Heaven: Class composition and struggle in Italian Autonomist Marxism",
  address = "London",
  publisher = "Pluto Press"
}

@article{yuill-2008,
  author = "Yuill, S.",
  year = "2008",
  title = "All Problems of Notation Will be Solved by the Masses",
  journal = "Mute - Politics and Culture after the Net",
  url = "http://www.metamute.org/en/All-Problems-of-Notation-Will-be-Solved-by-the-Masses",
  urldate = "7/5/2011"
}

@online{wikipedia-hacklab-2010a,
  author = "Wikipedia",
  year = "2010",
  title = "History: Hacklab",
  url = "http://en.wikipedia.org/w/index.php?title=Hacklab\&action=history",
  urldate = "10/10/2011"
}

@online{wikipedia-hacklab-2010b,
  author = "Wikipedia",
  year = "2010",
  title = "Talk: Hacklab",
  url = "http://en.wikipedia.org/wiki/Talk:Hacklab",
  urldate = "10/10/2011"
}

@online{wikipedia-hackerspace-2011,
  author = "Wikipedia",
  year = "2011",
  title = "History: Hackerspace",
  url = "http://en.wikipedia.org/w/index.php?title=Hacklab\&action=history",
  urldate = "10/10/2011"
}

@article{johns-2009,
  author = "Johns, A.",
  year = "2009",
  title = "Piracy as a Business Force",
  journal = "Culture Machine",
  number = "10",
  url = "http://www.culturemachine.net/index.php/cm/issue/view/21",
  urldate = "7/5/2012"
}

@book{rigi-2011,
  author = "Rigi, J.",
  year = "2011",
  title = "Peer to Peer Production and Advanced Communism: The Alternative to Capitalism",
  annotation = "Sin publicar"
}


@Article{johns-2009a,
  author =     {Adrian Johns},
  title =      {Piracy as a Business Force},
  journal =    {Culture Machine},
  year =       2009,
  volume =     10,
  pages =      {44-63},
  url =        {http://www.culturemachine.net/index.php/cm/issue/view/21},
  annote =     {piracy}
}

@article{halleck-1998,
	author = {Dee Dee Halleck},
	title = {The Grassroots Media of Paper Tiger Television and the Deep Dish Satellite Network},
	journal = {Crash Media},
	year = {1998},
	number = {2}
}

@article{hamm-2003a,
  author = 	 {Marion Hamm},
  title = 	 {A r/c tivism in Physical and Virtual Spaces},
  journal = 	 {Republicart},
  year = 	 2003,
  number = 	 9,
  month = 	 {September},
  annote = 	 {hacklabs; indymedia}
}
